# 在此直接复制GB/T 7714－2015 bib条目，第一行内容为在正文引用\cite{}的关键词
# 推荐使用百度学术生成GB/T 7714－2015 bib条目

@article{陶建华-陈云霁2016类脑计算芯片与类脑智能机器人发展现状与思考,
title={类脑计算芯片与类脑智能机器人发展现状与思考},
author={陶建华，陈云霁},
journal={中国科学院院刊},
issue={第7期},
pages={803-811},
year={2016},
}

@article{徐波-刘成林-曾毅2016类脑智能研究现状与发展思考,
title={类脑智能研究现状与发展思考},
author={徐波，刘成林，曾毅},
journal={中国科学院院刊},
issue={第7期},
pages={793-802},
year={2016},
}

@article{蒲慕明-徐波-谭铁牛2016脑科学与类脑研究概述,
title={脑科学与类脑研究概述},
author={蒲慕明，徐波，谭铁牛},
journal={中国科学院院刊},
issue={第7期},
pages={725-736},
year={2016},
}

@article{赵欣怡-宗群-张睿隆-田栢苓-张秀云-冯聪2019类脑智能技术在无人系统上的应用,
title={类脑智能技术在无人系统上的应用},
author={赵欣怡，宗群，张睿隆，田栢苓，张秀云，冯聪},
journal={控制理论与应用},
issue={第1期},
pages={1-12},
year={2019},
}

@article{Semi2014神经形态芯片-仿生学的驱动力,
title={神经形态芯片：仿生学的驱动力},
author={Semi},
journal={集成电路应用},
issue={第10期},
pages={40-41},
year={2014},
}

@article{崔翯2023脑机接口概论,
title={脑机接口概论},
author={崔翯},
journal={新华文摘},
issue={第5期},
pages={140-143},
year={2023},
}

@phdthesis{Oluwagbenga,
title={实现基于躯体感觉反馈的双向闭环脑机接口系统的智能神经假肢控制},
author={Oluwagbenga Paul Idowu},
school={中国科学院大学(中国科学院深圳先进技术研究院)},
year={2021},
}

